<record><leader>00000cas a22000007a 4500</leader><controlfield tag="001">27294342</controlfield><controlfield tag="007">cr un|||||||||</controlfield><controlfield tag="008">930120d19881997njuwr ne      0    0eng d</controlfield><datafield ind1=" " ind2=" " tag="010"><subfield code="a">sn 93062817 </subfield></datafield><datafield ind1=" " ind2=" " tag="040"><subfield code="a">YOX</subfield><subfield code="b">eng</subfield><subfield code="c">YOX</subfield><subfield code="d">MGN</subfield><subfield code="d">CUS</subfield><subfield code="d">CLU</subfield><subfield code="d">OCLCQ</subfield><subfield code="d">OCLCF</subfield><subfield code="d">OCLCO</subfield></datafield><datafield ind1="1" ind2=" " tag="029"><subfield code="a">AU@</subfield><subfield code="b">000020714165</subfield></datafield><datafield ind1=" " ind2=" " tag="042"><subfield code="a">msc</subfield></datafield><datafield ind1=" " ind2=" " tag="043"><subfield code="a">n-us-nj</subfield></datafield><datafield ind1="0" ind2="0" tag="245"><subfield code="a">MetroWest Jewish news.</subfield></datafield><datafield ind1="1" ind2="7" tag="246"><subfield code="a">MW Jewish news</subfield></datafield><datafield ind1=" " ind2=" " tag="260"><subfield code="a">East Orange, N.J. :</subfield><subfield code="b">Jewish Times</subfield></datafield><datafield ind1=" " ind2=" " tag="300"><subfield code="a">v.</subfield></datafield><datafield ind1=" " ind2=" " tag="310"><subfield code="a">Weekly</subfield></datafield><datafield ind1="0" ind2=" " tag="362"><subfield code="a">Vol. 42, no. 48 (Dec. 1, 1988)-</subfield></datafield><datafield ind1="1" ind2=" " tag="362"><subfield code="a">Ceased in 1997.</subfield></datafield><datafield ind1=" " ind2=" " tag="500"><subfield code="a">"United Jewish Federation of MetroWest."</subfield></datafield><datafield ind1=" " ind2=" " tag="500"><subfield code="a">Place of publication varies: Whippany, N.J. &lt;Jan. 1995&gt;.</subfield></datafield><datafield ind1=" " ind2=" " tag="530"><subfield code="a">Also issued by subscription via the World Wide Web.</subfield></datafield><datafield ind1=" " ind2="0" tag="650"><subfield code="a">Jewish newspapers</subfield><subfield code="z">New Jersey.</subfield></datafield><datafield ind1=" " ind2="7" tag="650"><subfield code="a">Jewish newspapers.</subfield><subfield code="2">fast</subfield><subfield code="0">(OCoLC)fst00982872</subfield></datafield><datafield ind1=" " ind2="7" tag="651"><subfield code="a">New Jersey.</subfield><subfield code="2">fast</subfield><subfield code="0">(OCoLC)fst01208379</subfield></datafield><datafield ind1="2" ind2=" " tag="710"><subfield code="a">United Jewish Federation of MetroWest.</subfield></datafield><datafield ind1=" " ind2=" " tag="752"><subfield code="a">United States</subfield><subfield code="b">New Jersey</subfield><subfield code="c">Essex</subfield><subfield code="d">East Orange.</subfield></datafield><datafield ind1=" " ind2=" " tag="752"><subfield code="a">United States</subfield><subfield code="b">New Jersey</subfield><subfield code="d">Whippany.</subfield></datafield><datafield ind1="0" ind2="0" tag="780"><subfield code="t">Jewish news (Newark, N.J.)</subfield><subfield code="w">(DLC)sn 86077244</subfield></datafield><datafield ind1="0" ind2="0" tag="785"><subfield code="t">New Jersey Jewish news (MetroWest)</subfield><subfield code="w">(DLC)  2004223402</subfield><subfield code="w">(OCoLC)40296978</subfield></datafield><datafield ind1="4" ind2="1" tag="856"><subfield code="u">http://www.il.proquest.com/products/pt-product-ethnic-newswatch.shtml</subfield></datafield></record>